<collection xmlns="http://www.loc.gov/MARC21/slim">
   <record>
      <leader>04094cam a2200541 i 4500</leader>
      <controlfield tag="001">6698108</controlfield>
      <controlfield tag="003">OCoLC</controlfield>
      <controlfield tag="005">20150521122720.0</controlfield>
      <controlfield tag="008">141017s2015    nyua     b    001 0 eng  </controlfield>
      <datafield ind1=" " ind2=" " tag="010">
         <subfield code="a">  2014037449</subfield>
      </datafield>
      <datafield ind1=" " ind2=" " tag="015">
         <subfield code="a">GBB513634</subfield>
         <subfield code="2">bnb</subfield>
      </datafield>
      <datafield ind1=" " ind2=" " tag="020">
         <subfield code="a">9781441172631 (hardback)</subfield>
      </datafield>
      <datafield ind1=" " ind2=" " tag="020">
         <subfield code="a">1441172637 (hardback)</subfield>
      </datafield>
      <datafield ind1=" " ind2=" " tag="020">
         <subfield code="a">9781441177452 (pb)</subfield>
      </datafield>
      <datafield ind1=" " ind2=" " tag="020">
         <subfield code="a">1441177450 (pb)</subfield>
      </datafield>
      <datafield ind1=" " ind2=" " tag="020">
         <subfield code="z">97814411106018 (ePub)</subfield>
      </datafield>
      <datafield ind1=" " ind2=" " tag="020">
         <subfield code="z">9781441117816 (ePDF)</subfield>
      </datafield>
      <datafield ind1=" " ind2=" " tag="020">
         <subfield code="z">9781441106018 (ePub)</subfield>
      </datafield>
      <datafield ind1="8" ind2=" " tag="024">
         <subfield code="a">40024639886</subfield>
      </datafield>
      <datafield ind1=" " ind2=" " tag="035">
         <subfield code="a">ocn857981712</subfield>
      </datafield>
      <datafield ind1=" " ind2=" " tag="039">
         <subfield code="a">exclude</subfield>
      </datafield>
      <datafield ind1=" " ind2=" " tag="040">
         <subfield code="a">DLC</subfield>
         <subfield code="b">eng</subfield>
         <subfield code="e">rda</subfield>
         <subfield code="c">DLC</subfield>
         <subfield code="d">YDX</subfield>
         <subfield code="d">BTCTA</subfield>
         <subfield code="d">YDXCP</subfield>
         <subfield code="d">BDX</subfield>
         <subfield code="d">OCLCF</subfield>
         <subfield code="d">CDX</subfield>
         <subfield code="d">MUU</subfield>
         <subfield code="d">MNE</subfield>
         <subfield code="d">YUS</subfield>
         <subfield code="d">OCLCO</subfield>
         <subfield code="d">CUD</subfield>
         <subfield code="d">AEU</subfield>
      </datafield>
      <datafield ind1=" " ind2=" " tag="042">
         <subfield code="a">pcc</subfield>
      </datafield>
      <datafield ind1="0" ind2="0" tag="050">
         <subfield code="a">HQ1180</subfield>
         <subfield code="b">.F677 2015</subfield>
      </datafield>
      <datafield ind1="0" ind2="0" tag="082">
         <subfield code="a">305.42</subfield>
         <subfield code="2">23</subfield>
      </datafield>
      <datafield ind1=" " ind2=" " tag="084">
         <subfield code="a">SOC052000</subfield>
         <subfield code="a">SOC028000</subfield>
         <subfield code="2">bisacsh</subfield>
      </datafield>
      <datafield ind1=" " ind2=" " tag="090">
         <subfield code="a">HQ1180 .F677 2015</subfield>
         <subfield code="b">AEGMCT</subfield>
      </datafield>
      <datafield ind1="1" ind2=" " tag="100">
         <subfield code="a">Forster, Laurel,</subfield>
         <subfield code="d">1962-</subfield>
         <subfield code="e">author.</subfield>
         <subfield code="0">http://id.loc.gov/authorities/names/n2003002352</subfield>
         <subfield code="0">http://viaf.org/viaf/22396872</subfield>
      </datafield>
      <datafield ind1="1" ind2="0" tag="245">
         <subfield code="a">Magazine movements :</subfield>
         <subfield code="b">women's culture, feminisms and media form /</subfield>
         <subfield code="c">Laurel Forster.</subfield>
      </datafield>
      <datafield ind1=" " ind2="1" tag="264">
         <subfield code="a">New York, NY :</subfield>
         <subfield code="b">Bloomsbury Academic, an imprint of Bloomsbury Publishing Inc,</subfield>
         <subfield code="c">2015.</subfield>
      </datafield>
      <datafield ind1=" " ind2=" " tag="300">
         <subfield code="a">xii, 285 pages :</subfield>
         <subfield code="b">illustrations ;</subfield>
         <subfield code="c">23 cm</subfield>
      </datafield>
      <datafield ind1=" " ind2=" " tag="336">
         <subfield code="a">text</subfield>
         <subfield code="2">rdacontent</subfield>
         <subfield code="0">http://id.loc.gov/vocabulary/contentTypes/txt</subfield>
      </datafield>
      <datafield ind1=" " ind2=" " tag="337">
         <subfield code="a">unmediated</subfield>
         <subfield code="2">rdamedia</subfield>
         <subfield code="0">http://id.loc.gov/vocabulary/mediaTypes/n</subfield>
      </datafield>
      <datafield ind1=" " ind2=" " tag="338">
         <subfield code="a">volume</subfield>
         <subfield code="2">rdacarrier</subfield>
         <subfield code="0">http://id.loc.gov/vocabulary/carriers/nc</subfield>
      </datafield>
      <datafield ind1=" " ind2=" " tag="504">
         <subfield code="a">Includes bibliographical references (pages 268-278) and index.</subfield>
      </datafield>
      <datafield ind1="0" ind2=" " tag="505">
         <subfield code="a">Modernity and the unstable Housewife -- Producing a magazine for television : Houseparty -- 'Improving the public image of the lesbian' in Arena three -- 'Our culture in a racist society' : Mukti -- A magazine of letters, CCC -- 'Make the women feel that they are important' : developing the radio magazine -- Magazines working for the feminist cause.</subfield>
      </datafield>
      <datafield ind1=" " ind2=" " tag="520">
         <subfield code="a">"All women's magazines are not the same: content, outlook, and format combine to shape publications quite distinctively. While magazines in general have long been understood as a significant force in women's lives, many critiques have limited themselves to discussions of mainstream printed publications that engage with narrowly stereotypical representations of femininity. Looking at a range of women's magazines (Cooperative Correspondence Club and Housewife) and magazine programmes (Woman's Hour and Houseparty), Magazine Movements not only extends our definition of a magazine, but most importantly, unearths the connections between women's cultures, specific magazines and the implied reader. The author first outlines the existing field of magazine studies, and analyzes the methodologies employed in accessing and assessing the cultural competence of magazines. Each chapter then provides a case study of a different kind of magazine: different in media form or style of presentation or audience connection, or all three. Forster not only extends our definition of a magazine, but most importantly, unearths the connections between women's cultures, specific magazines and the implied reader. In this way, fresh insights are provided into the long-standing importance of the magazine to the variety of feminisms on offer in Britain, from the mid twentieth century to the present day"--</subfield>
         <subfield code="c">Provided by publisher.</subfield>
      </datafield>
      <datafield ind1=" " ind2=" " tag="596">
         <subfield code="a">29</subfield>
      </datafield>
      <datafield ind1=" " ind2="0" tag="650">
         <subfield code="a">Women's studies.</subfield>
         <subfield code="0">http://id.loc.gov/authorities/subjects/sh85147771</subfield>
      </datafield>
      <datafield ind1=" " ind2="0" tag="650">
         <subfield code="a">Feminism.</subfield>
         <subfield code="0">http://id.loc.gov/authorities/subjects/sh85047741</subfield>
      </datafield>
      <datafield ind1=" " ind2="0" tag="650">
         <subfield code="a">Women in mass media.</subfield>
         <subfield code="0">http://id.loc.gov/authorities/subjects/sh85147589</subfield>
      </datafield>
      <datafield ind1=" " ind2=" " tag="758">
         <subfield code="0">http://worldcat.org/entity/work/id/1354035</subfield>
      </datafield>
      <datafield ind1="0" ind2=" " tag="787">
         <subfield code="n">OCLC Work Id</subfield>
         <subfield code="o">http://worldcat.org/entity/work/id/1354035</subfield>
      </datafield>
      <datafield ind1="4" ind2="2" tag="856">
         <subfield code="3">Cover image</subfield>
         <subfield code="u">http://www.netread.com/jcusers2/bk1388/631/9781441172631/image/lgcover.9781441172631.jpg</subfield>
      </datafield>
      <datafield ind1=" " ind2=" " tag="949">
         <subfield code="a">HQ1180 .F677 2015</subfield>
         <subfield code="h">GMCT-OS-B</subfield>
         <subfield code="i">1007769910</subfield>
         <subfield code="p">35.07</subfield>
         <subfield code="k">AVAIL_SOON</subfield>
      </datafield>
      <datafield ind1=" " ind2=" " tag="019">
         <subfield code="a">907794784</subfield>
      </datafield>
      <datafield ind1="1" ind2=" " tag="029">
         <subfield code="a">AU@</subfield>
         <subfield code="b">000053717400</subfield>
      </datafield>
      <datafield ind1=" " ind2=" " tag="926">
         <subfield code="a">HQ1180 .F677 2015</subfield>
         <subfield code="w">LC</subfield>
         <subfield code="c">1</subfield>
         <subfield code="i">1007769910</subfield>
         <subfield code="d">6/10/2015</subfield>
         <subfield code="l">ON_SHELF</subfield>
         <subfield code="m">GR_MACEWAN</subfield>
         <subfield code="p">$35.07</subfield>
         <subfield code="r">Y</subfield>
         <subfield code="s">Y</subfield>
         <subfield code="t">BOOK</subfield>
         <subfield code="u">5/25/2015</subfield>
      </datafield>
   </record>
</collection>
